@article{gjs20210315,
  title={我国脱贫减贫：现状、问题与战略转型研究},
  author={李春瑜, 谭永生},
  journal={中国社会科学院工业经济研究所},
  url={http://gjs.cssn.cn/kydt/kydt_kycg/202103/t20210315_5318039.shtml},
  date={2021-03-15}
}

@article{xibu2021,
  title={巩固拓展脱贫攻坚成果：目标导向、重点内容与实现路径},
  author={邢成举, 李小云, 史凯},
  journal={西北农林科技大学学报(社会科学版)},
  volume={第05期},
  url={https://cohd.cau.edu.cn/art/2021/9/2/art_47968_936534.html},
  date={2021-09-02}
}

@book{zgrj2021,
  title={人类减贫的中国实践},
  publisher={国务院新闻办公室},
  url={https://www.gov.cn/zhengce/2021-04/06/content_5597952.htm},
  date={2021-04-06}
}

@article{gwy2016,
  title={国务院关于印发“十三五”脱贫攻坚规划的通知},
  author={国务院},
  url={https://www.gov.cn/zhengce/content/2016-12/02/content_5142197.htm},
  date={2016-11-23}
}

@article{wyd2015,
  title={中国脱贫攻坚故事的层次性与对外传播路径},
  author={王义桅},
  journal={对外传播},
  url={http://newera.ruc.edu.cn/xsdt/llcs/11070bf663664353bc5989ee79443bad.htm},
  date={2021-05-20}
}

@book{xcr2018,
  title={习近平扶贫论述摘编},
  author={中共中央党史和文献研究院},
  publisher={中央文献出版社},
  date={2018-06}
}

@article{hzau2021,
  title={巩固拓展脱贫攻坚成果的政策与实践问题},
  author={李小云},
  journal={华中农业大学学报(社会科学版)},
  volume={第2期},
  url={https://cohd.cau.edu.cn/art/2021/3/30/art_47968_936455.html},
  date={2021-03-30}
}
@misc{govcn20221011,
  title = "党的十八大以来经济社会发展成就系列报告：脱贫攻坚战取得全面胜利 脱贫地区农民生活持续改善",
  howpublished = "中国政府网",
  url = "https://www.gov.cn/xinwen/2022-10/11/content_5717712.htm",
  note = "访问日期：2023-11-26",
  year = 2022,
  month = oct,
  day = 11
}

@article{zgrmfy2018,
  title={中共中央 国务院关于实施乡村振兴战略的意见},
  author={中共中央, 国务院},
  journal={新华社},
  year={2018},
  month={2},
  day={4}
}

@book{nyb2020,
  title={乡村振兴战略规划（2018-2022年）},
  author={国家发展改革委},
  publisher={中国计划出版社},
  year={2018},
  month={9}
}

@article{zgnyb2019,
  title={关于促进小农户和现代农业发展有机衔接的意见},
  author={农业农村部},
  journal={新华社},
  year={2019},
  month={2},
  day={23}
}

@article{zgnyb2021,
  title={“十四五”全国农业绿色发展规划},
  author={农业农村部},
  journal={农业农村部官网},
  url={http://www.moa.gov.cn/govpublic/nysyzb/202109/t20210916_6217275.htm},
  year={2021},
  month={9},
  day={16}
}

@article{zgrmfy2022,
  title={乡村振兴促进法},
  author={全国人大常委会},
  journal={中国人大网},
  url={http://www.npc.gov.cn/npc/c30834/202203/7f4e6e5e7a8e4e7e8a8f0d2e9e3f8f/index.shtml},
  year={2021},
  month={4},
  day={29}
}